<?xml version="1.0" encoding="UTF-8"?><record xmlns="http://www.loc.gov/MARC21/slim" xmlns:cinclude="http://apache.org/cocoon/include/1.0" xmlns:zs="http://www.loc.gov/zing/srw/">
  <leader>00538cz  a2200157n  4500</leader>
  <controlfield tag="001">n 2006211007</controlfield>
  <controlfield tag="003">DLC</controlfield>
  <controlfield tag="005">20060503161030.0</controlfield>
  <controlfield tag="008">060503n| acannaabn          |a aaa      </controlfield>
  <datafield tag="010" ind1=" " ind2=" ">
    <subfield code="a">n 2006211007</subfield>
  </datafield>
  <datafield tag="040" ind1=" " ind2=" ">
    <subfield code="a">DLC</subfield>
    <subfield code="b">eng</subfield>
    <subfield code="c">DLC</subfield>
  </datafield>
  <datafield tag="100" ind1="1" ind2=" ">
    <subfield code="a">Trindade, Lourdes Maria Luz de Noronha</subfield>
  </datafield>
  <datafield tag="400" ind1="1" ind2=" ">
    <subfield code="a">Noronha Trindade, Lourdes Maria Luz de</subfield>
  </datafield>
  <datafield tag="400" ind1="1" ind2=" ">
    <subfield code="a">De Noronha Trindade, Lourdes Maria Luz</subfield>
  </datafield>
  <datafield tag="400" ind1="1" ind2=" ">
    <subfield code="a">Luz de Noronha Trindade, Lourdes Maria</subfield>
  </datafield>
  <datafield tag="670" ind1=" " ind2=" ">
    <subfield code="a">CriancĚ§as e adolescentes, 1998?:</subfield>
    <subfield code="b">t.p. verso (JuiĚza Lourdes Maria Luz de Noronha Trindade)</subfield>
  </datafield>
</record>